@Article{LW:2003,
title = {Measuring the Natural Rate of Interest},
author = {Laubach,Thomas and Williams, John C.},
year = {2003},
journal = {The Review of Economics and Statistics},
volume = {85},
number = {4},
pages = {1063-1070},
}

@Article{HLW:2017,
title = {Measuring the natural rate of interest: International
trends and determinants},
author = {Holston, Kathryn and Laubach, Thomas and Williams, John C.},
year = {2017},
journal = {Journal of International Economics},
volume = {108},
pages = {S59-S75},
}

@Article{Portugal:2009,
title = {The Natural Rate of Interest in Brazil between 1999 and 2005},
author = {Barcellos Neto, Paulo C. F. and Portugal, Marcelo S.},
year = {2009},
journal = {Revista Brasileira de Economia},
volume = {63},
number = {2},
pages = {103-118},
}

@Article{Renne:2007,
title = {A time-varying ‘‘natural’’ rate of interest for the euro area},
author = {Mésonnier, Jean-Stéphane and Renne, Jean-Paul},
year = {2007},
journal = {European Economics Review},
volume = {51},
pages = {1768-1784},
}

@Article{Barbosa:2016,
title = {A Taxa de Juros Natural e a Regra de Taylor no Brasil: 2003–2015},
author = {Barbosa, Fernando H. and Camêlo, Felipe D. and João, Igor C.},
year = {2016},
journal = {Revista Brasileira de Economia},
volume = {70},
number = {4},
pages = {399-417},
}

@Article{Bjornland:2011,
title = {Estimating the natural rates in a simple New Keynesian
framework},
author = {Bjornland, Hilde C. and Leitemo, Kai and Maih, Junior},
year = {2011},
journal = {Empirical Economics},
volume = {40},
number = {3},
pages = {755-777},
}

@Article{Orphanides:2002,
title = {Robust Monetary Policy Rules with Unknown Natural Rates},
author = {Orphanides, Athanasios and Williams, John C.},
year = {2002},
journal = {Brookings Papers on Economic Activity},
volume = {2},
pages = {63-118},
}

@Article{Canzoneri:2015,
title = {Monetary Policy and the Natural Rate of Interest},
author = {Canzoneri, Matthew and Cumby, Robert and Diba, Behzad},
year = {2015},
journal = {Journal of Money, Credit and Banking},
volume = {47},
pages = {383-412},
}

@Article{Melosi:2015,
title = {The Natural Rate of Interest and Its Usefulness for Monetary Policy},
author = {Barsky, Robert and Justiniano, Alejandro and Melosi, Leonardo},
year = {2014},
journal = {American Economic Review Papers and Proceedings},
volume = {104},
number ={5},
pages = {37-43},
}

@Article{Edge:2008,
title = {Natural rate measures in an estimated DSGE model of the U.S. economy},
author = {Edge, Rochelle, M. and kiley, Michael, T. and Laforte, Jean-Phillipe},
year = {2008},
journal = {Journal of Economic Dynamics & Control},
volume = {32},
pages = {2512-2535},
}

@Article{Lopez-Salido:2009,
title = {Money and the natural rate of interest: Structural estimates for the United States and the euro area},
author = {Andrés, Javier and Lópes-Salido, J. David and Nelson, Edward},
year = {2009},
journal = {Journal of Economic Dynamics & Control},
volume = {33},
pages = {758-776},
}

@Article{Neri:2018,
title = {Natural rates across the Atlantic},
author = {Neri, Stefano and Gerali Andrea},
year = {2019},
volume = {62},
journal = {Journal of Macroeconomics},
pages = {1-15},
}

@Article{Justiniano:2010,
title = {Measuring the Equilibrium Real Interest Rate},
author = {Justiniano, Alejandro and Primiceri, Giorgio E.},
year = {2010},
journal = {Economic Perspectives},
volume = {34},
pages = {14-27},
}

@Article{Curdia:2015,
title = {Has U.S. monetary policy tracked the efficient interest rate?},
author = {Cúrdia, Vasco and Ferrero, Andrea and Ng, Ging Cee and Tambalotti, Andrea},
year = {2015},
journal = {Journal of Monetary Economics},
volume = {70},
pages = {72-83},
}

@Article{Ferrero:2016,
title = {Demographics and real interest rates: Inspecting the mechanism},
author = {Carvalho, Carlos and Ferrero, Andrea and Nechio, Fernanda},
year = {2016},
journal = {European Economic Review},
volume = {88},
pages = {208-226},
}

 @techreport{Carrillo:2018,
 title = "What Determines the Neutral Rate of Interest in an
Emerging Economy?",
 author = "Carrillo, Julio and Elizondo, Rocio and Rodríguez-Pérez, Cid A. and Roldán-Peña, Jessica ",
  type = "Working Paper",
 series = "Working Paper Series",
 year = "2018",
 month = "November",
 }
 
@Article{Del-Negro:2015,
title = {Inflation in the Great Recession and New Keynesian
Models},
author = {Del Negro, Marco and Giannoni, Mar P. and Schorfheide, Frank },
year = {2015},
journal = {American Economic Journal: Macroeconomics},
volume = {7},
number = {1},
pages = {168-196},
}

@Article{Wynne:2018,
title = {Estimating the natural rate of interest in an open economy},
author = {Wynne, Mark A. and Zhang, Ren},
year = {2018},
journal = {Empirical Economics},
volume = {55},
number = {3},
pages = {1291-1318},
}

@techreport{Moreira:2019,
 title = "Natural rate of interest estimates for Brazil after adoption of the inflation targeting regime",
 author = "Moreira, João Ricardo R. and Portugal, Marcelo S.",
  type = "Working Paper",
 series = "Working Paper Series",
 year = "2019",
 month = "November",
 }
 
 @techreport{Lewis:2017,
 title = "Measuring the natural rate of interest alternative specifications",
 author = "Lewis, Kurt, L. and Vazques-Grande, Francisco",
  type = "Working Paper",
 series = "Working Paper Series",
 year = "2017",
 month = "April",
 }
 
 @Article{Us:2018,
title = {Measuring the Natural Interest Rate for the Turkish Economy},
author = {Us, Vuslat},
year = {2018},
journal = {International Journal of Central Banking},
volume = {14},
number = {1},
pages = {259-316},
}

@techreport{Grossman:2019,
title = "Ties That Bind: Estimating the Natural Rate of Interest for Small Open Economies ",
author = "Grossman, V. and Martínez-García, E. and Wynne, M. A. and Zhang, R.",
 type = "Working Paper",
series = "Globalization and Monetary Policy Institute Working Paper",
year = "2019",
month = "Abril",
 }
 
 @Article{Us:2018,
title = {Measuring the Natural Interest Rate for the Turkish Economy},
author = {Us, Vuslat},
year = {2018},
journal = {International Journal of Central Banking},
volume = {14},
number = {1},
pages = {259-316},
}

@Article{Palma:2014,
title = { Preferences of the Central Bank of Brazil under the inflation targeting regime estimation using a DSGE model for a small open economy},
author = {Palma, Andreza Aparecida and Portugal, Marcelo Savino},
year = {2014},
journal = {Journal of Policy Modeling},
volume = {36},
pages = {824-839},
}

@Article{Palma:2017,
title = {Time-Varying Neutral Interest Rate in Brazil Further Evidence from a Simple New Keynesian Model},
author = {Palma, Andreza Aparecida and Portugal, Marcelo Savino},
year = {2017},
journal = {The Empirical Economics Letters},
volume = {16},
number = {7},
pages = {633-646},
}

@Article{Silveira:2008,
title = "Using a Bayesian Approach to Estimate and Compare new Keynesian DSGE models for the Brazilian economy: the role for endogenous persistence ",
author = "Silveira, Marcos Antonio C.",
year = {2008},
journal = {Revista Brasileira de Economia},
volume = {62},
number = {3},
pages = {333-357},
}

@Article{Carvalho:2015,
title = "What if Brazil Hadn’t Floated the Real in 1999?",
author = "Carvalho, Carlos Viana and Vilela, André D.",
year = {2015},
journal = {Brazilian Review of Econometrics},
number = {1},
pages = {265-308},
}

@Article{Castro:2015,
title = "SAMBA: Stochastic Analytical Model with a Bayesian Approach",
author = "Castro, Marcos, R. and Gouvea, Solange, N. and Minella, André and Santos, Rafael, C. and Souza-Sobrinho, Nelson, F. ",
year = {2015},
journal = {Brazilian Review of Econometrics},
number = {1},
pages = {103-170},
}
 
@techreport{Linardi:2016,
title = "Assessing the Fit of a Small Open-Economy DSGE Model for the Brazilian Economy",
author = "Linardi, Fernando de Menezes",
type = "The Banco Central do Brasil Working Papers",
series = "Working Paper",
year = "2016",
month = "Abril",
 }
 
@Article{Lubik:2007,
title = "Do central banks respond to exchange rate movements A structural investigation",
author = "Lubik, Thomas, A. and Schorfheide, Frank",
year = {2007},
journal = {Journal of Monetary Economics},
volume = {54},
pages = {1069-1087},
}

@Article{Gali:2005,
title = "Monetary Policy and Exchange Rate Volatility in a Small Open Economy",
author = "Galí, Jordi and Monacelli, Tommaso",
year = {2005},
journal = {Review of Economic Studies},
volume = {72},
pages = {707-734},
}

@Article{Gali:2008,
title = "Optimal monetary and fiscal policy in a currency union",
author = "Galí, Jordi and Monacelli, Tommaso",
year = {2008},
journal = {Journal of International Economics},
volume = {76},
pages = {116-132},
}


@Article{Kam:2009,
title = "Uncovering the Hit List for Small Inflation Targeters: A Bayesian Structural Analysis",
author = "Kam, Timothy and Lees, Kirdan and Liu, Philip",
year = {2009},
journal = {Journal of Money, Credit and Banking},
volume = {41},
number = {4},
pages = {583-618},
}

@Article{Adolfson:2007,
title = "Bayesian estimation of an open economy DSGE model with incomplete pass-through",
author = "Adolfson, Malin and Laséen, Stefan and Lindé, Jesper and Villani, Mattias",
year = {2007},
journal = {Journal of International Economics},
volume = {72},
pages = {481-511},
}


@Article{Adolfson:2008,
title = "Evaluating an estimated new Keynesian small open economy model",
author = "Adolfson, Malin and Laséen, Stefan and Lindé, Jesper and Villani, Mattias",
year = {2008},
journal = {Journal of Economic Dynamics & Control},
volume = {32},
pages = {2690-2721},
}

@Article{Adolfson:2011,
title = "Optimal Monetary Policy in an Operational Medium-Sized DSGE Model",
author = "Adolfson, Malin and Laséen, Stefan and Lindé, Jesper and Svensson, Lars E. O.",
year = {2011},
journal = {Journal of Money, Credit and Banking},
volume = {43},
number = {7}
pages = {1287-1331},
}

@Article{Altig:2011,
title = "Firm-specific capital, nominal rigidities and the business cycle",
author = "Altig, David and Christiano, Lawrence J. and Eichenbaum, Martin and Lindé, Jesper",
year = {2011},
journal = {Review of Economic Dynamics},
volume = {14},
pages = {225-247},
}

@Article{Christiano:2011,
title = "Introducing financial frictions and unemployment into a small open economy model",
author = "Christiano, Lawrence, J. and Trabandt, Mathias and Walentin, Karl",
year = {2011},
journal = {Journal of Economic Dynamics & Control},
volume = {35},
pages = {1999-2041},
}


@Article{Preston:2010,
title = "Monetary policy and uncertainty in an empirical small open‐economy model",
author = "Justinano, Alejandro and Preston, Bruce",
year = {2010},
journal = {Journal of Applied Econometrics},
volume = {25},
pages = {93-128},
}

@Article{Prestonb:2010,
title = "Can structural small open-economy models account for the influence of foreign disturbances?",
author = "Justinano, Alejandro and Preston, Bruce",
year = {2010},
journal = {Journal of International Economics},
volume = {81},
pages = {61-74},
}

@Article{Monacelli:2005,
title = "Monetary Policy in a Low Pass-Through Environment",
author = "Monacelli, Tommaso",
year = {2005},
journal = {Journal of Money, Credit and Banking},
volume = {37},
number = {6},
pages = {1047-1066},
}

@Article{Uribe:2003,
title = "Closing small open economy models",
author = "Schmitt-Grohé, Stephanie  and Uribe, Martin",
year = {2003},
journal = {Journal of International Economics},
volume = {61},
pages = {163-185},
}


@techreport{Hristov:2016,
title = "Measuring the Natural Rate of Interest in the Eurozone: A DSGE Perspective",
author = "Hristov, Atanas",
type = "Working Paper In CESifo Forum München: Ifo Institut–Leibniz Institut für Wirtschaftsforschung an der Universität München",
year = "2016",
month = "Abril",
number = {17},
pages = {86-91},
 }

@techreport{Weiske:2019,
author = "Weiske, Sebastian",
title  = "Population Growth, the Natural Rate of Interest, and Inflation",
type   = "Working Paper German Council of Economic Experts",
month  = "feb",
year   = "2019"
}

@Article{DelNegro:2017,
title = "Safety, Liquidity, and the Natural Rate of Interest",
author = "Del Negro, Macro and Giannone, Domenico and Giannoni, Marc P. and Tambalotti, Andrea",
year = {2017},
journal = {Brookings Papers on Economic Activity },
volume = {1},
pages = {235-316},
}

@techreport{Okazaki:2018,
author = "Okazaki, Yosuke and Sudo, Nao",
title  = "Natural Rate of Interest in Japan: Measuring its size and identifying drivers based on a DSGE model",
type   = "Bank of Japan Working Paper Series, number 18, March, 2018 ",
month  = "March",
year   = "2018",
}


@techreport{Gali:2019,
 title = "The Optimal Inflation Target and the Natural Rate of Interest",
 author = "Andrade, Phillipe and Galí, Jordi and Buhan, Hervé Le, Matheron, Julien",
 type = "Working Paper",
 series = "Working Paper Series",
 year = "2019",
 month = "Fevereiro",
 }
 
 
 @Article{Smets:2007,
title = {Shocks and Frictions in US Business Cycles: A Bayesian DSGE Approach},
author = {Smets, Frank and Wouters, Rafael},
year = {2007},
journal = {American Economic Review},
volume = {97},
number = {3},
pages = {586-606},
}

@Article{Smets:2003,
title = {An Estimated Dynamic Stochastic General Equilibrium Model of the Euro Area},
author = {Smets, Frank and Wouters, Rafael},
year = {2003},
journal = {European Economic Association},
volume = {1},
number = {5},
pages = {1123-1175},
}

@Article{Christiano:2005,
title = {Nominal Rigidities and the Dynamic Effects of a Shock to Monetary Policy},
author = {Christiano, Lawrence and Eichenbaum, Martin and Evans, Charles},
year = {2005},
journal = {Journal of Political Economy},
volume = {113},
number = {1},
pages = {1-45},
}


@Article{Neiss:2003,
title = "The Real-Interest Rate gap as Inflation Indicator",
author = "Neiss, Katharine S. and Nelson, Edward",
year = {2003},
journal = {Macroeconomic Dynamics},
volume = {7},
pages = {239-262},
}


@book{Woodford:2003,
  title={Interest and Prices: Foundations of a Theory of Monetary Policy},
  author={Woodford, M.},
  year={2003},
  publisher={Princeton University Press}
}


@book{Gali:2015,
title = {Monetary Policy, Inflation and the Business Cycle: An Introduction to the New Keynesian Framework },
author = "Galí, Jordi",
year = {2015},
publisher={Princeton University Press}

}


@techreport{Aurelio:2011,
author = "Bicalho, Aurélio and Goldfajn, Ilan",
title  = "A Longa Travessia para a Normalidade: Os Juros Reais Brasileiros",
type   = "Technical Report Number 02/2011. Economic Research - Itaú Unibanco ",
month  = "February",
year   = "2011",
}


@Article{Ribeiro:2013,
title = "Taxa Natural de Juros no Brasil",
author = "Ribeiro, Alessandra and Teles, Vladimir ",
year = {2013},
journal = {EconomiA},
volume = {14},
pages = {733-750},
}


@Article{Candido:2018,
title = "Measuring the neutral real interest rate in Brazil: a
semi-structural open economy framework",
author = "Ronchi Neto, Alberto and Candido, Osvaldo ",
year = {2018},
journal = {Empirical Economics},
volume = {58},
pages = {651-667},
}


@mastersthesis{Gottlieb:2013,
author={Gottlieb, Julia Wrobel Folescu},
title={Estimativas e Determinantes da Taxa de Juros Real Neutra no Brasil},
school={PUC Rio},
address={Rio de Janeiro},
pages={54},
year={2013}
}


@techreport{Kfoury:2003,
author = "Miranda, Pedro Calhman and Muinhos, Marcelo Kfoury",
title  = "A Taxa de Juros de Equilíbrio: Uma Abordagem Múltipla",
type   = "Technical Report Number 66/2003. Brazilian Central Bank ",
month  = "February",
year   = "2003",
}


@Article{Borges:2006,
title = "Estimando a Taxa de Juros Natural para o Brasil: Uma Aplicação da Metodologia VAR Estrutural",
author = "Borges, Bráulio Lima and da Silva, Maximiliano Barbosa ",
year = {2006},
journal = {Estudos Econômicos},
volume = {36},
pages = {87-114},
}


@techreport{Perrelli:2014,
author = "Perrelli, Roberto and Roache, Shaun K.",
title  = "Time-varying neutral interest rate: The case of Brazil",
type   = " IMF Working Paper No 14/84. IMF",
month  = "May",
year   = "2014",
}


@techreport{Trafane:2020,
author = "Santos, Thiago Trafane Oliveira ",
title  = "A General Characterization of the Capital Cost and the Natural Interest Rate: an application for Brazil",
type   = "Technical Report Number 524/2020. Brazilian Central Bank ",
month  = "July",
year   = "2020",
}


@Article{DelNegro:2019,
title = "Global trends in interest rates",
author = "Del Negro, Marco and Giannone, Domenico and Giannoni, Marc P. and Tambalotti, Andrea  ",
year = {2019},
journal = {Journal of International Economics},
volume = {118},
pages = {248-262},
}

@techreport{Johannsen:2018,
author = "Johannsen, Benjamin K. and Mertens, Elmar",
title  = "A time series model of interest rates with the effective lower bound",
type   = "BIS Working Papers 715, Bank for International Settlements",
month  = "April",
year   = "2018",
}


@Article{Hamilton:2016,
author = "Hamilton, James D. and Hatzius, Jan and Harris, Ethan S. and West, Kenneth D. ",
title  = "The Equilibrium Real Funds Rate: Past, Present, and Future",
year = {2016},
journal = {IMF Economic Review},
volume = {64},
pages = {660-707},
}


@Article{Rudebusch:2019,
author = "Christensen, Jens H. E.  and Rudebusch, Glenn D.  ",
title  = "A New Normal for Interest Rates? Evidence from Inflation-Indexed Debt",
year = {2019},
journal = {Review of Economics and Statistics},
volume = {101},
pages = {933-949},
}

@Article{Berger:2014,
author = "Berger, Tino and Kempa,Bernd ",
title  = "Time-varying equilibrium rates in small open economies: Evidence for Canada",
year = {2014},
journal = {Journal of Macroeconomics},
volume = {39},
pages = {203-214},
}


@Article{Clark:2005,
author = "Clark, Todd E. and Kozicki, Sharon ",
title  = "Estimating equilibrium real interest rates in real time ",
year = {2005},
journal = {The North American Journal of Economics and Finance},
volume = {16},
pages = {395-413},
}

@Article{Wynneb:2018,
author = "Wynne, Mark A. and Zhang, Ren ",
title  = "Measuring the World Natural Rate of Interest",
year = {2018},
journal = {Economic Inquiry},
volume = {56},
pages = {530-544},
}


@Article{Wu:2007,
author = "Trehan, Bharat and Wu, Tao",
title  = "Time-varying equilibrium real rates and monetary policy analysis",
year = {2007},
journal = {Journal of Economic Dynamics & Control},
volume = {31},
pages = {1584-1609},
}


@Article{Lubik:2015,
author = "Lubik, Thomas A. and Matthes, Christian",
title  = "Calculating the Natural Rate of Interest: A Comparison of Two Alternative Approaches",
year = {2015},
journal = {Federal Reserve Bank of Richmond Economic Brief},
volume = {EB15-10},
pages = {1-6},
}


@Article{Juselius:2017,
author = "Juselius, Mikael and Borio, Claudio and Disyatat, Piti and Drehmannb, Mathias",
title  = "Monetary Policy, the Financial Cycle, and Ultra-Low Interest Rates",
year = {2017},
journal = {International Journal of Central Banking},
volume = {13},
pages = {55-89},
}


@Article{Kiley:2015,
author = "Kiley, Michael T. ",
title  = "What Can the Data Tell Us About the Equilibrium Real Interest
Rate?",
year = {2015},
journal = {Finance and Economics Discussion Series 2015-077},
}


@Article{Summers:2014,
author = "Summers, Lawrance H.",
title  = "Reflections on the new secular stagnation hypothesis. In: Secular Stagnation: Facts, Causes and Cures",
year = {2014},
journal = {Edited by Coen Teulings and Richard Baldwin. London: CEPR Press},
pages = {27-38},
}


@Article{Kara:2016,
author = "Kara, Engin and von Thadden, Leopold",
title  = "Interest Rate Effects of Demographic Changes in a New Keynesian Life-Cycle Framework",
year = {2016},
journal = {Journal of Macroeconomics},
volume = {20},
pages = {120-164},
}

@Article{Gagnon:2016,
author = "Ganon, Etienne and Johansen, Bejnamim K. and Lopez-Salido, David",
title  = "Understanding the New Normal: The Role of Demographics",
year = {2016},
journal = {Finance and Economics Discussion Series},
volume = {80},
}

@techreport{Papetti:2020,
title = "Demographics and the Natural Real Interest Rate: historical and projected paths for the euro area",
author = "Papetti, Andrea  ",
type = "Working Paper",
series = "Bank of Italy – DG for Economics, Statistics and Research",
year = "2020",
month = "November",
}


@Article{Eggertsson:2019,
author = "Eggertsson, Gauti, B. and Mehrotra, Neil R. and Robbins, Jacob A.",
title  = "A Model of Secular Stagnation: Theory and Quantitative Evaluation",
year = {2019},
journal = {American Economic Journal: Macroeconomics},
volume = {11},
number = {1},
pages = {1–48},
}


@Article{Gordon:2015,
author = "Gordon, Robert J.",
title  = "Secular Stagnation: A Supply-Side View",
year = {2015},
journal = {American Economic Review: Papers & Proceedings},
volume = {105},
number = {5},
pages = {54–59},
}


@Article{Bernhardsen:2007,
author = "Bernhardsen, Tom ",
title  = "The neutral real interest rate",
year = {2007},
journal = {Economic Bulletin},
volume = {2},
pages = {52-64},
}

@Article{Fries:2018,
author = "Fries, Sébastien and Mésonnier, Jean-Stéphane and Mouabbi, Sarah and Renne, Jean-Paul",
title  = "National natural rates of interest and the single monetary policy in the euro area",
year = {2018},
journal = {Journal of Applied Econometrics},
volume = {33},
pages = {763-779},
}

@Article{Caballero:2017,
title = "The Safety Trap",
author  = "Caballero, Ricardo M. and Farhi, Emmanuel",
year = {2017},
journal = {Review of Economic Studies },
volume = {0},
pages = {1-52},
}


@Article{Uribe:2006,
title = "Country spreads and emerging countries: Who drives whom?",
author  = "Uribe, Martin and Yue, Vivian Z.",
year = {2006},
journal = {Journal of International Economics},
volume = {69},
pages = {3-36},
}


@Article{Uribe:2016,
title = " Downward nominal wage rigidity, currency pegs, and involuntary unemployment",
author = "Schmitt-Grohé, Stephanie  and Uribe, Martin",
year = {2016},
journal = {Journal of Political Economy},
volume = {124},
number = {5},
pages = {1466-1514},
}


@Article{Cuadra:2019,
title = "Capital flows and the business cycle",
author  = "Cuadra, Gabriel and Menna, Lorenzo",
year = {2019},
journal = {Journal of Economic Dynamics & Control},
volume = {106},
pages = {1-24},
}


@techreport{SEGURA-UBIERGO:2012,
title = "The Puzzle of Brasil’s High Interest Rate",
author = "Segura-Ubiergo, Alex",
type = "IMF Working Paper",
series = "IMF Working Paper",
year = "2012",
month = "February",
}


@Article{Erceg:2000,
title = "Optimal monetary policy with staggered wage and price contracts",
author  = "Erceg, Christopher J. and Henderson, Dale W. and Levin, Andrew T.",
year = {2000},
journal = {Journal of Monetary Economics },
volume = {46},
number = {2}
pages = {281-313},
}


@Article{Calvo:1983,
title = "Staggered prices in a utility maximizing framework",
author  = "Calvo, Guillermo A.",
year = {1983},
journal = {Journal of Monetary Economics },
volume = {12},
pages = {383-398},
}

@Article{Giammarioli:2004,
title = "The natural real interest rate and monetary policy: a review",
author  = "Giammarioli, Nicola and Valla, Natacha",
year = {2004},
journal = {Journal of Policy Modeling},
volume = {26},
pages = {641-660},
}

@Article{Brand:2018,
title = "The natural rate of interest: estimates, drivers, and challenges to monetary policy",
author  = "Brand, Claus and Bielecki, Marcin and Penalver, Adrian",
year = {2018},
journal = {Frankfrut: European Central Bank},
volume = {ECB Occasional Paper No. 217.},
}

@Article{Taylor:1993,
title = "Discretion versus Policy Rules in Practice",
author  = "Taylor, John B.",
year = {1993},
journal = { Carnegie-Rochester Conference Series on Public Policy },
volume = {39},
pages = {195-214},
}

@incollection{Wieland:2018,
  author      = "Wieland, Volker",
  title       = "The Natural Rate and Its Role in Monetary Policy",
  editor      = "Michael D. Bordo and John C. Cochrane and Amit Seru",
  booktitle   = "The Structural Foundations of Monetary Policy",
  publisher   = "Hoover Institution Press",
  year        = 2018,
  pages       = "45-61",
  chapter     = 2,
}

@Article{Ninmark:2011,
title = "A Medium-Scale New Keynesian Open Economy Model of Australia",
author  = "Jaaskela, Jarkko P. and Ninmark, Kristoffer",
year = {2011},
journal = {The Economic Record},
volume = {87},
number = {276},
pages = {11-36},
}