@Article{LW:2003,
title = {Measuring the Natural Rate of Interest},
author = {Laubach,Thomas and Williams, John C.},
year = {2003},
journal = {The Review of Economics and Statistics},
volume = {85},
number = {4},
pages = {1063-1070},
}

@Article{HLW:2017,
title = {Measuring the natural rate of interest: International
trends and determinants},
author = {Holston, Kathryn and Laubach, Thomas and Williams, John C.},
year = {2017},
journal = {Journal of International Economics},
volume = {108},
pages = {S59-S75},
}

@Article{Portugal:2009,
title = {The Natural Rate of Interest in Brazil between 1999 and 2005},
author = {Barcellos Neto, Paulo C. F. and Portugal, Marcelo S.},
year = {2009},
journal = {Revista Brasileira de Economia},
volume = {63},
number = {2},
pages = {103-118},
}

@Article{Renne:2007,
title = {A time-varying ‘‘natural’’ rate of interest for the euro area},
author = {Mésonnier, Jean-Stéphane and Renne, Jean-Paul},
year = {2007},
journal = {European Economics Review},
volume = {51},
pages = {1768-1784},
}

@Article{Barbosa:2016,
title = {A Taxa de Juros Natural e a Regra de Taylor no Brasil: 2003–2015},
author = {Barbosa, Fernando H. and Camêlo, Felipe D. and João, Igor C.},
year = {2016},
journal = {Revista Brasileira de Economia},
volume = {70},
number = {4},
pages = {399-417},
}

@Article{Bjornland:2011,
title = {Estimating the natural rates in a simple New Keynesian
framework},
author = {Bjornland, Hilde C. and Leitemo, Kai and Maih, Junior},
year = {2011},
journal = {Empirical Economics},
volume = {40},
number = {3},
pages = {755-777},
}

@Article{Orphanides:2002,
title = {Robust Monetary Policy Rules with Unknown Natural Rates},
author = {Orphanides, Athanasios and Williams, John C.},
year = {2002},
journal = {Brookings Papers on Economic Activity},
volume = {2},
pages = {63-118},
}

@Article{Canzoneri:2015,
title = {Monetary Policy and the Natural Rate of Interest},
author = {Canzoneri, Matthew and Cumby, Robert and Diba, Behzad},
year = {2015},
journal = {Journal of Money, Credit and Banking},
volume = {47},
pages = {383-412},
}

@Article{Melosi:2015,
title = {The Natural Rate of Interest and Its Usefulness for Monetary Policy},
author = {Barsky, Robert and Justiniano, Alejandro and Melosi, Leonardo},
year = {2014},
journal = {American Economic Review Papers and Proceedings},
volume = {104},
number ={5},
pages = {37-43},
}

@Article{Edge:2008,
title = {Natural rate measures in an estimated DSGE model of the U.S. economy},
author = {Edge, Rochelle, M. and kiley, Michael, T. and Laforte, Jean-Phillipe},
year = {2008},
journal = {Journal of Economic Dynamics & Control},
volume = {32},
pages = {2512-2535},
}

@Article{Lopez-Salido:2009,
title = {Money and the natural rate of interest: Structural estimates for the United States and the euro area},
author = {Andrés, Javier and Lópes-Salido, J. David and Nelson, Edward},
year = {2009},
journal = {Journal of Economic Dynamics & Control},
volume = {33},
pages = {758-776},
}

@Article{Neri:2018,
title = {Natural rates across the Atlantic},
author = {Neri, Stefano and Gerali Andrea},
year = {2018},
journal = {Journal of Macroeconomics},
}

@Article{Justiniano:2010,
title = {Measuring the Equilibrium Real Interest Rate},
author = {Justiniano, Alejandro and Primiceri, Giorgio E.},
year = {2010},
journal = {Economic Perspectives},
volume = {34},
pages = {14-27},
}

@Article{Curdia:2015,
title = {Has U.S. monetary policy tracked the efficient interest rate?},
author = {Cúrdia, Vasco and Ferrero, Andrea and Ng, Ging Cee and Tambalotti, Andrea},
year = {2015},
journal = {Journal of Monetary Economics},
volume = {70},
pages = {72-83},
}

@Article{Ferrero:2016,
title = {Demographics and real interest rates: Inspecting the mechanism},
author = {Carvalho, Carlos and Ferrero, Andrea and Nechio, Fernanda},
year = {2016},
journal = {European Economic Review},
volume = {88},
pages = {208-226},
}

 @techreport{Carrillo:2018,
 title = "What Determines the Neutral Rate of Interest in an
Emerging Economy?",
 author = "Carrillo, Julio and Elizondo, Rocio and Rodríguez-Pérez, Cid A. and Roldán-Peña, Jessica ",
  type = "Working Paper",
 series = "Working Paper Series",
 year = "2018",
 month = "November",
 }
 
@Article{Del-Negro:2015,
title = {Inflation in the Great Recession and New Keynesian
Models},
author = {Del Negro, Marco and Giannoni, Mar P. and Schorfheide, Frank },
year = {2015},
journal = {American Economic Journal: Macroeconomics},
volume = {7},
number = {1},
pages = {168-196},
}

@Article{Wynne:2018,
title = {Estimating the natural rate of interest in an open economy},
author = {Wynne, Mark A. and Zhang, Ren},
year = {2018},
journal = {Empirical Economics},
volume = {55},
number = {3},
pages = {1291-1318},
}

@techreport{Moreira:2019,
 title = "Natural rate of interest estimates for Brazil after adoption of the inflation targeting regime",
 author = "Moreira, João Ricardo R. and Portugal, Marcelo S.",
  type = "Working Paper",
 series = "Working Paper Series",
 year = "2019",
 month = "November",
 }
 
 @techreport{Lewis:2017,
 title = "Measuring the natural rate of interest alternative specifications",
 author = "Lewis, Kurt, L. and Vazques-Grande, Francisco",
  type = "Working Paper",
 series = "Working Paper Series",
 year = "2017",
 month = "April",
 }
 
 @Article{Us:2018,
title = {Measuring the Natural Interest Rate for the Turkish Economy},
author = {Us, Vuslat},
year = {2018},
journal = {International Journal of Central Banking},
volume = {14},
number = {1},
pages = {259-316},
}
